<?xml version="1.0" encoding="UTF-8"?><record xmlns="http://www.loc.gov/MARC21/slim" xmlns:cinclude="http://apache.org/cocoon/include/1.0" xmlns:zs="http://www.loc.gov/zing/srw/">
  <leader>00453cz  a2200121n  4500</leader>
  <controlfield tag="001">n  96044865 </controlfield>
  <controlfield tag="003">DLC</controlfield>
  <controlfield tag="005">19960507155419.2</controlfield>
  <controlfield tag="008">960507n| acannaab|          |n aaa |||  </controlfield>
  <datafield tag="010" ind1=" " ind2=" ">
    <subfield code="a">n  96044865 </subfield>
  </datafield>
  <datafield tag="040" ind1=" " ind2=" ">
    <subfield code="a">DLC</subfield>
    <subfield code="c">DLC</subfield>
    <subfield code="d">DLC</subfield>
  </datafield>
  <datafield tag="100" ind1="1" ind2="0">
    <subfield code="a">Ashcraft, Janice</subfield>
  </datafield>
  <datafield tag="670" ind1=" " ind2=" ">
    <subfield code="a">Creative Bible lessons in John, c1995:</subfield>
    <subfield code="b">t.p. (Janice Ashcraft) p. 4 of cover (master's deg., Denver Seminary; works in Christian educ. &amp; youth ministry; lives with husband Jay in Wakefield, R.I.)</subfield>
  </datafield>
</record>